@inproceedings{AbdElRahem2016,
	author = {AbdElRahem, O. and Bahaa-Eldin, A. M. and Taha, A.},
	title = {Virtualization security: A survey},
	booktitle = {2016 11th International Conference on Computer Engineering and Systems (ICCES)},
	pages = {32-40},
	DOI = {10.1109/ICCES.2016.7821971},
	year = {2016},
	type = {Conference Proceedings}
}

@article{Abdulhamid2014,
   author = {Abdulhamid, Shafii Muhammad and Latiff, Muhammad Shafie Abd and Bashir, Mohammed Bakri},
   title = {On-demand grid provisioning using cloud infrastructures and related virtualization tools: a survey and taxonomy},
   journal = {arXiv preprint arXiv:1402.0696},
   year = {2014},
   type = {Journal Article}
}

@article{Aceto2013,
	author = {Aceto, Giuseppe and Botta, Alessio and De Donato, Walter and Pescap$\grave{e}$, Antonio},
	title = {Cloud monitoring: A survey},
	journal = {Computer Networks},
	volume = {57},
	number = {9},
	pages = {2093-2115},
	ISSN = {1389-1286},
	year = {2013},
	type = {Journal Article}
}

@article{Adams,
	author = {Adams, Keith and Agesen, Ole},
	title = {A comparison of software and hardware techniques for x86 virtualization},
	journal = {SIGARCH Comput. Archit. News. ACM},
	volume = {34},
	number = {5},
	pages = {2-13},
	ISSN = {0163-5964},
	DOI = {10.1145/1168919.1168860},
	year = {2006},
	type = {Journal Article}
}

@phdthesis{Annapareddy2011,
   author = {Annapareddy, Naga Dinesh Reddy},
   title = {An Approach to Storage Virtualization},
   University = {Texas A \& M University-Kingsville},
   School = {Texas A \& M University-Kingsville},
   year = {2011},
   type = {Thesis}
}

@article{Ameen2013,
   author = {Ameen, Radhwan Y and Hamo, Asmaa Y},
   title = {Survey of server virtualization},
   journal = {arXiv preprint arXiv:1304.3557},
   year = {2013},
   type = {Journal Article}
}

@inproceedings{Armand2009,
	author = {Armand, Fran{\c c}ois and Gien, Michel},
	title = {A practical look at micro-kernels and virtual machine monitors},
	booktitle = {Consumer Communications and Networking Conference, 2009. CCNC 2009. 6th IEEE},
	publisher = {IEEE},
	pages = {1-7},
	ISBN = {1424423090},
	year = {2009},
	type = {Conference Proceedings}
}

@article{Barham2003,
	author = {Barham, Paul and Dragovic, Boris and Fraser, Keir and Hand, Steven and Harris, Tim and Ho, Alex and Neugebauer, Rolf and Pratt, Ian and Warfield, Andrew},
	title = {Xen and the art of virtualization},
	journal = {Proceedings of the nineteenth ACM symposium on Operating systems principles},
	pages = {164-177},
	DOI = {10.1145/945445.945462},
	year = {2003},
	type = {Journal Article}
}

@inproceedings{Biederman2006,
	author = {Biederman, Eric W and Networx, Linux},
	title = {Multiple instances of the global linux namespaces},
	booktitle = {Proceedings of the Linux Symposium},
	publisher = {Citeseer},
	volume = {1},
	pages = {101-112},
	year = {2006},
	type = {Conference Proceedings}
}

@article{Bigang2005,
   author = {Li, Bigang and Shu, Jiwu and Zheng, Weimin},
   title = {Design and implementation of a storage virtualization system based on SCSI target simulator in SAN},
   journal = {Tsinghua science and technology},
   volume = {10},
   number = {1},
   pages = {122-127},
   ISSN = {1007-0214},
   year = {2005},
   type = {Journal Article}
}

@misc{Bochs2018,
	author = {BOCHS},
	title = {Website},
	year = {2018 (accessed May 20, 2018)}, 
	howpublished = "\url{http://bochs.sourceforge.net}"
}

@book{Bugnion2017,
   author = {Edouard, Bugnion and Jason, Nieh and Dan, Tsafrir and Margaret, Martonosi},
   title = {Hardware and Software Support for Virtualization},
   publisher = {Morgan \& Claypool},
   series = {Hardware and Software Support for Virtualization},
   pages = {206},
   ISBN = {9781627056885},
   DOI = {10.2200/S00754ED1V01Y201701CAC038},
   url = {http://ieeexplore.ieee.org/xpl/articleDetails.jsp?arnumber=7873537},
   year = {2017},
   type = {Book}
}

@inbook{Cafaro2011,
	author = {Cafaro, Massimo and Aloisio, Giovanni},
	title = {Grids, clouds, and virtualization},
	booktitle = {Grids, Clouds and Virtualization},
	publisher = {Springer},
	pages = {1-21},
	chapter = {1},
	year = {2011},
	type = {Book Section}
}

@misc{CambridgeDictionary2018,
	author = {{Cambridge Dictionary}},
	title = {Website},
	year = {2018 (accessed May 21, 2018)}, 
	howpublished = "\url{https://dictionary.cambridge.org/es/diccionario/ingles/taxonomy}"
}

@article{Chernoff1998,
	author = {Chernoff, Anton and Herdeg, Mark and Hookway, Ray and Reeve, Chris and Rubin, Norman and Tye, Tony and Yadavalli, S Bharadwaj and Yates, John},
	title = {FX! 32: A profile-directed binary translator},
	journal = {IEEE Micro},
	number = {2},
	pages = {56-64},
	ISSN = {0272-1732},
	year = {1998},
	volume = {18},
	type = {Journal Article}
}

@inproceedings{Chi2000,
	author = {Chi, E. H.},
	title = {A taxonomy of visualization techniques using the data state reference model},
	booktitle = {IEEE Symposium on Information Visualization 2000. INFOVIS 2000. Proceedings},
	pages = {69-75},
	ISBN = {1522-404X},
	year = {2000},
	DOI = {10.1109/INFVIS.2000.885092},
	type = {Conference Proceedings}
}

@book{Dike2006,
	author = {Dike, Jeff},
	title = {User mode linux},
	publisher = {Prentice Hall Englewood Cliffs},
	volume = {2},
	year = {2006},
	type = {Book}
}

@book{Dittner2011,
	author = {Dittner, Rogier and Rule, David},
	title = {The Best Damn Server Virtualization Book Period: Including Vmware, Xen, and Microsoft Virtual Server},
	publisher = {Syngress},
	ISBN = {0080556655},
	year = {2011},
	type = {Book}
}
@misc{Docker,
	author = {Docker},
	title = {Website},
	year = {2018 (accessed Sep 24, 2018)}, 
	howpublished = "\url{https://www.docker.com}"
}

@misc{Ensim,
	author = {Ensim},
	title = {Website},
	year = {2018 (accessed May 22, 2018)}, 
	howpublished = "\url{http://www.ensim.com}"
}

@misc{QEMU2018,
	author = {QEMU},
	title = {Website},
	year = {2018 (accessed May 20, 2018)}, 
	howpublished = "\url{https://www.qemu.org}"
}


@article{Bala2011,
	author = {Bala, Vasanth and Duesterwald, Evelyn and Banerjia, Sanjeev},
	title = {Dynamo: a transparent dynamic optimization system},
	journal = {SIGPLAN Not.},
	volume = {46},
	number = {4},
	pages = {41-52},
	ISSN = {0362-1340},
	DOI = {10.1145/1988042.1988044},
	year = {2011},
	type = {Journal Article}
}

@article{Chiueh2005,
	author = {Chiueh, Susanta Nanda Tzi-cker},
	title = {A survey on virtualization technologies},
	journal = {RPE Report},
	pages = {1-42},
	year = {2005},
	type = {Journal Article}
}

@book{Fisher2006,
	author = {Fisher, Marina and Sharma, Sonu and Lai, Ray and Moroney, Laurence},
	title = {Java EE and. Net Interoperability: Integration Strategies, Patterns, and Best Practices},
	publisher = {Prentice Hall Professional},
	ISBN = {0132715708},
	year = {2006},
	type = {Book}
}

@phdthesis{Goldberg1973,
	author = {Goldberg, Robert P},
	title = {Architectural Principles for Virtual Computer Systems},
	school = {Harvard University},
	year = {1973},
	type = {Thesis}
}

@article{Goldberg1974,
	author = {Goldberg, Robert P},
	title = {Survey of virtual machine research},
	journal = {Computer},
	number = {6},
	pages = {34-45},
	ISSN = {0018-9162},
	year = {1974},
	volume = {7},
	type = {Journal Article}
}

@book{Goldworm2007,
	author = {Goldworm, Barb and Skamarock, Anne},
	title = {Blade servers and virtualization: transforming enterprise computing while cutting costs},
	publisher = {John Wiley and Sons},
	ISBN = {0470139552},
	year = {2007},
	type = {Book}
}

@article{Honeycutt2003,
	author = {Honeycutt, Jerry},
	title = {Microsoft virtual pc 2004 technical overview},
	journal = {Microsoft, Nov},
	year = {2003},
	type = {Journal Article}
}

@book{Hoopes2009,
	author = {Hoopes, John},
	title = {Virtualization for security: including sandboxing, disaster recovery, high availability, forensic analysis, and honeypotting},
	publisher = {Syngress},
	ISBN = {0080879357},
	year = {2009},
	type = {Book}
}

@article{Hui2014,
	author = {Hui, Lee Yong and Seok, Kim Hwan},
	title = {A Study of Savings of Power Consumption and Server Space through Integrated Virtualization of UNIX Servers},
	journal = {International Journal of Software Engineering and Its Applications},
	volume = {8},
	number = {5},
	pages = {219-230},
	ISSN = {1738-9984},
	DOI = {http://dx.doi.org/10.14257/ijseia.2014.8.5.17},
	year = {2014},
	type = {Journal Article}
}

@article{Jing2011,
	author = {Jing, Si-Yuan and Ali, Shahzad and She, Kun and Zhong, Yi},
	title = {State-of-the-art research study for green cloud computing},
	journal = {The Journal of Supercomputing},
	volume = {65},
	number = {1},
	pages = {445-468},
	ISSN = {0920-8542},
	year = {2013},
	type = {Journal Article}
}

@phdthesis{Kampert2010,
	author = {Kampert, Paulus},
	title = {A taxonomy of virtualization technologies},
	type = {Master},
	year = {2010},
	school={Delft University of Technology}
}

@book{Kappel2009,
	author = {Jason, Kappel and Velte, Anthony and Velte, Toby},
	title = {Microsoft Virtualization with Hyper-V},
	publisher = {McGraw-Hill, Inc.},
	pages = {448},
	ISBN = {0071614036, 9780071614030},
	year = {2009},
	type = {Book}
}

@article{Klement2017,
	author = {Klement, Milan},
	title = {Models of integration of virtualization in education: Virtualization technology and possibilities of its use in education},
	journal = {Computers and Education},
	volume = {105},
	pages = {31-43},
	ISSN = {0360-1315},
	DOI = {10.1016/j.compedu.2016.11.006},
	url = {http://uniquindio.elogim.com:2048/login?url=http://search.ebscohost.com/login.aspx?direct=true&db=edselp&AN=S0360131516302184&lang=es&site=eds-live&scope=site
	http://www.sciencedirect.com/science/article/pii/S0360131516302184},
	year = {2017},
	type = {Journal Article}
}

@inproceedings{Kon2017,
	author = {Kon, J. and Mizusawa, N. and Umezawa, A. and Yamaguchi, S. and Tao, J.},
	title = {Highly consolidated servers with container-based virtualization},
	booktitle = {2017 IEEE International Conference on Big Data (Big Data)},
	pages = {2472-2479},
	DOI = {10.1109/BigData.2017.8258205},
	year = {2017},
	type = {Conference Proceedings}
}

@book{Kusnetzky2011,
	title={Virtualization: A manager's guide},
	author={Kusnetzky, Dan},
	year={2011},
	publisher={O'Reilly Media, Inc.}
} 

@misc{KVM,
	author = {KVM},
	title = {Website},
	year = {2018 (accessed July 24, 2018)}, 
	howpublished = "\url{https://www.linux-kvm.org}"
}

@article{Lin2012,
   author = {Lin, Qian and Qi, Zhengwei and Wu, Jiewei and Dong, Yaozu and Guan, Haibing},
   title = {Optimizing virtual machines using hybrid virtualization},
   journal = {Journal of Systems and Software},
   volume = {85},
   number = {11},
   pages = {2593-2603},
   ISSN = {0164-1212},
   year = {2012},
   type = {Journal Article}
}

@book{Lindholm1997,
	author = {Lindholm, Tim and Yellin, Frank and Bracha, Gildad and Buckley, Alex},
	title = {The java virtual machine specification},
	publisher = {Addison-Wesley},
	year = {1997},
	type = {Book}
}

@misc{Linux-VServer,
	author = {Linux-VServer},
	title = {Website},
	year = {2018 (accessed Sep 24, 2018)}, 
	howpublished = "\url{http://www.linux-vserver.org}"
}

@misc{LXC,
	author = {LXC},
	title = {Website},
	year = {2018 (accessed Sep 24, 2018)}, 
	howpublished = "\url{https://linuxcontainers.org}"
}

@misc{LXRUN,
	author = {Lxrun},
	title = {Website},
	year = {2018 (accessed July 22, 2018)}, 
	howpublished = "\url{https://web.archive.org/web/20151025205205/http://www.ugcs.caltech.edu/~steven/lxrun/}"
}

@article{Magnusson2002,
	author = {Magnusson, Peter S and Christensson, Magnus and Eskilson, Jesper and Forsgren, Daniel and Hallberg, Gustav and Hogberg, Johan and Larsson, Fredrik and Moestedt, Andreas and Werner, Bengt},
	title = {Simics: A full system simulation platform},
	journal = {Computer},
	volume = {35},
	number = {2},
	pages = {50-58},
	ISSN = {0018-9162},
	year = {2002},
	type = {Journal Article}
}

@article{Mann2006,
   author = {Mann, Andi and Analyst, EMA Senior},
   title = {Virtualization 101: Technologies, Benefits, and Challenges},
   journal = {Enterprise Management Associates, Inc},
   year = {2006},
   type = {Journal Article}
}

@inproceedings{Nanda2006,
	author = {Nanda, Susanta and Li, Wei and Lam, Lap-Chung and Chiueh, Tzi-cker},
	title = {BIRD: Binary interpretation using runtime disassembly},
	booktitle = {Code Generation and Optimization, 2006. CGO 2006. International Symposium on},
	publisher = {IEEE},
	pages = {12 pp.-370},
	ISBN = {0769524990},
	year = {2006},
	type = {Conference Proceedings}
}

@misc{OpenVZ,
	author = {Openvz},
	title = {Website},
	year = {2018 (accessed Jun 22, 2018)}, 
	howpublished = "\url{https://openvz.org}"
}

@misc{Parallels2018,
	author = {Parallels},
	title = {Website},
	year = {2018 (accessed June 11, 2018)}, 
	howpublished = "\url{https://www.parallels.com}"
}


@misc{Parrot,
	author = {Parrot},
	title = {Website},
	year = {2018 (accessed July 11, 2018)}, 
	howpublished = "\url{http://www.parrot.org}"
}

@article{Pek2013,
	author = {P{\'e}k, G{\'a}bor and Butty{\'a}n, Levente and Bencs{\'a}th, Boldizs{\'a}r},
	title = {A survey of security issues in hardware virtualization},
	journal = {ACM Computing Surveys (CSUR)},
	volume = {45},
	number = {3},
	pages = {40},
	ISSN = {0360-0300},
	DOI = {10.1145/2480741.2480757},
	year = {2013},
	type = {Journal Article}
}

@inproceedings{Pessolani2011,
	author = {Pessolani, P. and Jara, O.},
	title = {Minix over Linux: A User-Space Multiserver Operating System},
	booktitle = {2011 Brazilian Symposium on Computing System Engineering},
	pages = {158-163},
	ISBN = {2324-7886},
	DOI = {10.1109/SBESC.2011.17},
	year = {2011},
	type = {Conference Proceedings}
}


@article{Pessolani2012,
	author = {Pessolani, Pablo Andr{\'e}s and Gonnet, Silvio M. and Tinetti, Fernando Gustavo and Cortes, Toni},
	title = {Sistema de virtualizaci{\'o}n con recursos distribuidos},
	journal = {XIV Workshop de Investigadores en Ciencias de la Computaci{\'o}n},
	ISSN = {9507660828},
	year = {2012},
	type = {Journal Article}
}

@misc{Plex86,
	author = {Plex86},
	title = {Website},
	year = {2018 (accessed June 11, 2018)}, 
	howpublished = "\url{http://plex86.sourceforge.net}"
}

@article{Popek1974,
	author = {Popek, Gerald J and Goldberg, Robert P},
	title = {Formal requirements for virtualizable third generation architectures},
	journal = {Communications of the ACM},
	volume = {17},
	number = {7},
	pages = {412-421},
	ISSN = {0001-0782},
	year = {1974},
	type = {Journal Article}
}

@inproceedings{Ranjith2017,
	author = {Ranjith, D. and Tamizharasi, G. S. and Balamurugan, B.},
	title = {A survey on current trends to future trends in green computing},
	booktitle = {2017 International conference of Electronics, Communication and Aerospace Technology (ICECA)},
	volume = {1},
	pages = {632-637},
	DOI = {10.1109/ICECA.2017.8203616},
	year = {2017},
	type = {Conference Proceedings}
}
@misc{SCOPEAlliance2008,
	author = {{SCOPE Alliance}},
	title = {Virtualization: State of the Art},
	year = {2008},
	howpublished = "\url{http://www.profsandhu.com/cs6393_s14/SCOPE-Virtualization-StateofTheArt-Version-1.0.pdf}",
	type = {misc}
}

@book{Silberschatz2014,
	author = {Silberschatz, Abraham and Galvin, Peter Baer and Gagne, Greg},
	title = {Operating system concepts essentials},
	publisher = {John Wiley \& Sons, Inc.},
	year = {2014},
	type = {Book}
}

@misc{Sylabs.io,
	author = {Sylabs.io},
	title = {Website},
	year = {2018 (accessed Sep 24, 2018)}, 
	howpublished = "\url{https://www.sylabs.io}"
}

@article{Smith2005,
	author = {Smith, J. E. and Nair, Ravi},
	title = {The architecture of virtual machines},
	journal = {Computer},
	volume = {38},
	number = {5},
	pages = {32-38},
	ISSN = {0018-9162},
	DOI = {10.1109/MC.2005.173},
	year = {2005},
	type = {Journal Article}
}

@inproceedings{Sahoo2010,
   author = {Sahoo, J. and Mohapatra, S. and Lath, R.},
   title = {Virtualization: A Survey on Concepts, Taxonomy and Associated Security Issues},
   booktitle = {2010 Second International Conference on Computer and Network Technology},
   pages = {222-226},
   DOI = {10.1109/ICCNT.2010.49},
   year = 2010,
   type = {Conference Proceedings}
}

@article{Shuja2016,
	author = {Shuja, Junaid and Gani, Abdullah and Bilal, Kashif and Khan, Atta Ur Rehman and Madani, Sajjad A and Khan, Samee U and Zomaya, Albert Y},
	title = {A survey of mobile device virtualization: Taxonomy and state of the art},
	journal = {ACM Computing Surveys (CSUR)},
	volume = {49},
	number = {1},
	pages = {1},
	ISSN = {0360-0300},
	year = {2016},
	type = {Journal Article}
}

@mastersthesis{Solis2014,
	author = {Sol{\'i}s, Jos{\'e} Vicente Ros},
	title = {An{\'a}lisis de un plan de continuidad de servicios clave mediante infraestructuras virtualizadas privadas},
	year = {2014},
	school = {Universidad Polit{\'e}cnica de Valencia},
	type = {masterthesis}
}

@misc{SolarisZones,
	author = {{Oracle Solaris Zones}},
	title = {Website},
	year = {2018 (accessed June 22, 2018)}, 
	howpublished = "\url{https://docs.oracle.com/cd/E18440_01/doc.111/e18415/chapter_zones.htm#OPCUG426}",
	type = {misc}
}

@book{Stallings2015,
	resid = {2186270},
	status =    {OK},
	title =      {Operating systems: internals and design principles},
	author =      {William Stallings},
	publisher = {Pearson},
	size =    {40846696},
	type =   {pdf},
	isbn = {},
	edition = {},
	volume =    {},
	md5 = {819230ed400e451b5e3220f16e26294f},
	url =       {},
	year={2015}
}

@book{Thai2003,
	author = {Thai, Thuan and Lam, Hoang},
	title = {. NET framework essentials},
	publisher = {" O'Reilly Media, Inc."},
	ISBN = {0596005059},
	year = {2003},
	type = {Book}
}

@article{Thathera2015,
	author = {Thathera, Honey and Shashi, H. and Rajput, Dharmendra Singh},
	title = {Green Computing: An Earth Friendly System},
	journal = {International Journal of Science and Research},
	ISSN = {2319-7094},
	year = {2015},
	type = {Journal Article}
}

@misc{Transitive,
	author = {Transitive},
	title = {Website},
	year = {2018 (accessed June 22, 2018)}, 
	howpublished = "\url{http://www.transitive.com}"
}

@article{Varasteh2017,
	author = {Varasteh, Amir and Goudarzi, Maziar},
	title = {Server consolidation techniques in virtualized data centers: A survey},
	journal = {IEEE Systems Journal},
	volume = {11},
	number = {2},
	pages = {772-783},
	ISSN = {1932-8184},
	year = {2017},
	type = {Journal Article}
}

@inproceedings{Vasconcelos2016,
	author = {Vasconcelos, P. R. M. and Freitas, G. A. d. A. and Marques, T. G.},
	title = {Virtualization technologies in web conferencing systems: A performance overview},
	booktitle = {2016 11th International Conference for Internet Technology and Secured Transactions (ICITST)},
	year = {2016},
	pages = {376-383},
	DOI = {10.1109/ICITST.2016.7856734},
	type = {Conference Proceedings}
}


@misc{UML2006Website,
	author = {{User-Mode Linux}},
	title = {Website},
	year = {2018 (accessed Jun 11, 2018)}, 
	howpublished = "\url{http://user-mode-linux.sourceforge.net}"
}

@misc{Virtuozzo,
	author = {Virtuozzo},
	title = {Website},
	year = {2018 (accessed Jun 22, 2018)}, 
	howpublished = "\url{https://www.virtuozzo.com}",
	type = {misc}
}

@book{VonHagen2008,
   author = {Von Hagen, William},
   title = {Professional xen virtualization},
   publisher = {John Wiley \& Sons},
   ISBN = {812651597X},
   year = {2008},
   type = {Book}
}

@misc{VMware2018Website,
	author = {VMware},
	title = {Website},
	year = {2018 (accessed Jun 11, 2018)}, 
	url = {http://www.vmware.com}
}

@misc{VMware2008,
	author = {VMware},
	title = {Understanding Full Virtualization, Paravirtualization, and Hardware Assist},
	howpublished = "\url{https://www.vmware.com}",
	year = {2008},
	type = {misc}
}

@misc{VMware2008largeLink,
	author = {VMware},
	title = {Understanding Full Virtualization, Paravirtualization, and Hardware Assist},
	howpublished = "\url{https://www.vmware.com/techpapers/2007/understanding-full-virtualization-paravirtualizat-1008.html}",
	year = {2008},
	type = {misc}
}

@misc{WABI,
	author = {Oracle},
	title = {Wabi User's Guide},
	year = {2018 (accessed May 22, 2018)}, 
	howpublished = "\url{https://docs.oracle.com/cd/E19957-01/802-6306/802-6306.pdf}",
	type = {misc}
}

@article{Waldspurger2002,
   author = {Waldspurger, Carl A},
   title = {Memory resource management in VMware ESX server},
   journal = {ACM SIGOPS Operating Systems Review},
   volume = {36},
   number = {SI},
   pages = {181-194},
   ISSN = {0163-5980},
   year = {2002},
   type = {Journal Article}
}

@techreport{Whitaker2002,
	author = {Whitaker, Andrew and Shaw, Marianne and Gribble, Steven D},
	title = {Denali: Lightweight virtual machines for distributed and networked applications},
	institution = {Technical Report 02-02-01, University of Washington},
	year = {2002},
	type = {Report}
}

@article{White2010,
   author = {White, Joshua and Pilbeam, Adam},
   title = {A survey of virtualization technologies with performance testing},
   journal = {arXiv preprint arXiv:1010.3233},
   year = {2010},
   type = {Journal Article}
}


@misc{Wine,
	author = {Wine},
	title = {Website},
	year = {2018 (accessed May 22, 2018)}, 
	howpublished = "\url{https://www.winehq.org}",
	type = {misc}
}

@misc{WPAR,
	author = {IBM},
	title = {AIX 6.1 Workload Partitions},
	year = {2018 (accessed Sep 22, 2018)}, 
	howpublished = "\url{https://www.ibm.com/developerworks/aix/library/au-workload/index.html}",
	type = {misc}
}
@misc{Xen2018Website,
	author = {Xen},
	title = {Website},
	year = {2018 (accessed Jun 11, 2018)}, 
	howpublished = "\url{https://www.xenproject.org}",
	type = {misc}
}
@misc{Xen2018WebsiteCambridge,
	author = {Xen},
	title = {Website},
	year = {2018 (accessed Jun 11, 2018)}, 
	howpublished = "\url{https://www.cl.cam.ac.uk/research/srg/netos/projects/archive/xen/}",
	type = {misc}
}

@book{Xiao-Feng2016,
	author = {Li, Xiao-Feng},
	title = {Advanced Design and Implementation of Virtual Machines},
	publisher = {CRC Press},
	ISBN = {1315386690},
	year = {2016},
	type = {Book}
}

@misc{XtratuM,
	author = {Xtratum},
	title = {xtratuM},
	year = {2018 (accessed Nov 2, 2018)}, 
	howpublished = "\url{http://www.xtratum.org}",
	type = {misc}
}

